<?xml version="1.0" encoding="UTF-8"?>
<SOAP-ENV:Envelope xmlns:SOAP-ENV="http://schemas.xmlsoap.org/soap/envelope/" xmlns:of="http://oss.dbc.dk/ns/openformat" xmlns:ofo="http://oss.dbc.dk/ns/openformatoutput"><SOAP-ENV:Body><of:formatResponse><marc:record xmlns:marc="http://www.loc.gov/MARC21/slim"><leader>00000njc a22000000c 4500</leader><controlfield tag="001">870970:28527470</controlfield><controlfield tag="003">DKDLA</controlfield><controlfield tag="005">20101129181329.0</controlfield><controlfield tag="007">s|||||||||||||</controlfield><controlfield tag="008">101117s2010    fa |||||||||||||||||   ||</controlfield><datafield ind1="1" ind2=" " tag="100"><subfield code="a">Claro, Sofia Asunción</subfield></datafield><datafield ind1=" " ind2="0" tag="245"><subfield code="a">Music for harp and flute</subfield></datafield><datafield ind1=" " ind2=" " tag="260"><subfield code="b">Tutl,</subfield><subfield code="c">p 2010</subfield></datafield><datafield ind1=" " ind2=" " tag="300"><subfield code="a">1 cd</subfield></datafield><datafield ind1="1" ind2=" " tag="700"><subfield code="a">Graug@ård, Lars</subfield></datafield></marc:record></of:formatResponse></SOAP-ENV:Body></SOAP-ENV:Envelope>
